<record><leader>00000cas a22000007a 4500</leader><controlfield tag="001">17383184</controlfield><controlfield tag="008">880123d18851955nyuwr ne      0    0eng d</controlfield><datafield ind1=" " ind2=" " tag="010"><subfield code="a">sn 88074127 </subfield></datafield><datafield ind1=" " ind2=" " tag="040"><subfield code="a">NYS</subfield><subfield code="b">eng</subfield><subfield code="c">NYS</subfield><subfield code="d">NYG</subfield><subfield code="d">NYS</subfield><subfield code="d">OCLCQ</subfield><subfield code="d">WKM</subfield><subfield code="d">OCLCQ</subfield><subfield code="d">OCLCF</subfield><subfield code="d">OCLCO</subfield></datafield><datafield ind1="1" ind2=" " tag="029"><subfield code="a">AU@</subfield><subfield code="b">000023089365</subfield></datafield><datafield ind1=" " ind2=" " tag="042"><subfield code="a">msc</subfield></datafield><datafield ind1=" " ind2=" " tag="043"><subfield code="a">n-us-ny</subfield></datafield><datafield ind1="0" ind2="4" tag="245"><subfield code="a">The Cobleskill times.</subfield></datafield><datafield ind1=" " ind2=" " tag="260"><subfield code="a">Cobleskill, N.Y. :</subfield><subfield code="b">Edwin B. Hard</subfield></datafield><datafield ind1=" " ind2=" " tag="300"><subfield code="a">v.</subfield></datafield><datafield ind1=" " ind2=" " tag="310"><subfield code="a">Weekly</subfield></datafield><datafield ind1="1" ind2=" " tag="362"><subfield code="a">Began in 1885? Ceased in 1955.</subfield></datafield><datafield ind1=" " ind2=" " tag="500"><subfield code="a">Publishers: Edwin B. Hard, &lt;1890-1902&gt;; J.B. Brown, Jr., &lt;1916-1919&gt;; C.L. Ryder Pub. Co., &lt;1930-1937&gt;; C.L. Ryder, &lt;1939&gt;; Times-Journal Co., &lt;1955&gt;.</subfield></datafield><datafield ind1=" " ind2=" " tag="500"><subfield code="a">Special 50th anniversary ed. issued: March 31, 1927.</subfield></datafield><datafield ind1=" " ind2=" " tag="500"><subfield code="a">"Schoharie Co. Historical Edition" issued: July 4, 1930.</subfield></datafield><datafield ind1=" " ind2=" " tag="500"><subfield code="a">Special "Cobleskill Bicentennial and the Cobleskill Times 75th Anniversary Edition" issued: July 17, 1952.</subfield></datafield><datafield ind1=" " ind2=" " tag="588"><subfield code="a">Description based on: New ser., vol. 5, no. 23 (Oct. 16, 1890).</subfield></datafield><datafield ind1=" " ind2="0" tag="651"><subfield code="a">Cobleskill (N.Y.)</subfield><subfield code="v">Newspapers.</subfield></datafield><datafield ind1=" " ind2="0" tag="651"><subfield code="a">Schoharie County (N.Y.)</subfield><subfield code="v">Newspapers.</subfield></datafield><datafield ind1=" " ind2="7" tag="655"><subfield code="a">Newspapers.</subfield><subfield code="2">fast</subfield><subfield code="0">(OCoLC)fst01423814</subfield></datafield><datafield ind1=" " ind2="7" tag="651"><subfield code="a">New York (State)</subfield><subfield code="z">Cobleskill.</subfield><subfield code="2">fast</subfield><subfield code="0">(OCoLC)fst01220346</subfield></datafield><datafield ind1=" " ind2="7" tag="651"><subfield code="a">New York (State)</subfield><subfield code="z">Schoharie County.</subfield><subfield code="2">fast</subfield><subfield code="0">(OCoLC)fst01211828</subfield></datafield><datafield ind1=" " ind2=" " tag="752"><subfield code="a">United States</subfield><subfield code="b">New York</subfield><subfield code="c">Schoharie</subfield><subfield code="d">Cobleskill.</subfield></datafield><datafield ind1="0" ind2="0" tag="780"><subfield code="t">Cobleskill herald</subfield><subfield code="w">(DLC)sn 90066610</subfield></datafield><datafield ind1="0" ind2="5" tag="780"><subfield code="t">Cherry Valley gazette (Cherry Valley, N.Y. : 1928)</subfield><subfield code="w">(DLC)sn 91066344</subfield></datafield><datafield ind1="0" ind2="7" tag="785"><subfield code="t">Schoharie County journal</subfield><subfield code="w">(DLC)sn 83031263</subfield></datafield><datafield ind1="0" ind2="7" tag="785"><subfield code="t">Times-journal (Cobleskill, N.Y. : 1955)</subfield><subfield code="w">(DLC)sn 88074432</subfield><subfield code="w">(OCoLC)18056370</subfield></datafield></record>